<record><leader>00000cas a2200000 a 4500</leader><controlfield tag="001">217277771</controlfield><controlfield tag="007">hd ||||||||||</controlfield><controlfield tag="008">080402c19719999waumr nea     |    0eng c</controlfield><datafield ind1=" " ind2=" " tag="010"><subfield code="a">  2008233413</subfield></datafield><datafield ind1=" " ind2=" " tag="040"><subfield code="a">GUA</subfield><subfield code="b">eng</subfield><subfield code="c">GUA</subfield><subfield code="d">GUA</subfield><subfield code="d">OCLCQ</subfield><subfield code="d">OCLCF</subfield><subfield code="d">OCLCO</subfield><subfield code="d">OCLCQ</subfield><subfield code="d">OCLCA</subfield></datafield><datafield ind1=" " ind2=" " tag="042"><subfield code="a">pcc</subfield></datafield><datafield ind1=" " ind2=" " tag="043"><subfield code="a">n-usp--</subfield><subfield code="a">n-cn-bc</subfield><subfield code="a">n-us-wa</subfield></datafield><datafield ind1=" " ind2="4" tag="050"><subfield code="a">AN58</subfield><subfield code="b">.C655</subfield></datafield><datafield ind1="0" ind2=" " tag="130"><subfield code="a">Northwest Indian news (Seattle, Wash. : 1971)</subfield></datafield><datafield ind1="1" ind2="0" tag="245"><subfield code="a">Northwest Indian news.</subfield></datafield><datafield ind1=" " ind2=" " tag="260"><subfield code="a">Seattle, Wash. :</subfield><subfield code="b">Seattle Indian Center,</subfield><subfield code="c">1971-</subfield></datafield><datafield ind1=" " ind2=" " tag="300"><subfield code="a">volumes :</subfield><subfield code="b">illustrations ;</subfield><subfield code="c">44 cm</subfield></datafield><datafield ind1=" " ind2=" " tag="310"><subfield code="a">Monthly</subfield></datafield><datafield ind1=" " ind2=" " tag="336"><subfield code="a">text</subfield><subfield code="b">txt</subfield><subfield code="2">rdacontent</subfield></datafield><datafield ind1=" " ind2=" " tag="337"><subfield code="a">microform</subfield><subfield code="b">h</subfield><subfield code="2">rdamedia</subfield></datafield><datafield ind1=" " ind2=" " tag="338"><subfield code="a">microfilm reel</subfield><subfield code="b">hd</subfield><subfield code="2">rdacarrier</subfield></datafield><datafield ind1="0" ind2=" " tag="362"><subfield code="a">Vol. 1, no. 1 (June 1971)-</subfield></datafield><datafield ind1=" " ind2=" " tag="500"><subfield code="a">"By and for Seattle-area Indians." Cf. first issue.</subfield></datafield><datafield ind1=" " ind2=" " tag="500"><subfield code="a">"Sponsored by Seattle Indian Center, Seattle Indian Health Board, and Kinatechitapi Indian and Alaskan Native Services."</subfield></datafield><datafield ind1="4" ind2=" " tag="510"><subfield code="a">Danky, J.P. Native American periodicals and newspapers 1828-1982</subfield><subfield code="c">326-327</subfield></datafield><datafield ind1=" " ind2=" " tag="515"><subfield code="a">Suspended between Aug. and Dec. 1979.</subfield></datafield><datafield ind1=" " ind2=" " tag="525"><subfield code="a">American Indian poets supplement issued with Feb./Mar. 1972 issue.</subfield></datafield><datafield ind1=" " ind2=" " tag="550"><subfield code="a">Issued by: Seattle Indian Center, &lt;1971-1972&gt;; later issued by Indians into Communications Assoc.</subfield></datafield><datafield ind1=" " ind2=" " tag="588"><subfield code="a">Latest issue consulted: Mar. 1977.</subfield></datafield><datafield ind1=" " ind2=" " tag="533"><subfield code="a">Microfilm.</subfield><subfield code="b">Wooster, Ohio :</subfield><subfield code="c">Micro Photo Division.</subfield><subfield code="e">1 microfilm reel; 35 mm.</subfield><subfield code="m">1971-1972.</subfield><subfield code="f">(Contemporary newspapers of the North American Indian ; reel 15).</subfield></datafield><datafield ind1=" " ind2=" " tag="539"><subfield code="a">c</subfield><subfield code="b">1971</subfield><subfield code="c">9999</subfield><subfield code="d">ohu</subfield><subfield code="e">u</subfield><subfield code="f">u</subfield><subfield code="g">a</subfield></datafield><datafield ind1=" " ind2="0" tag="650"><subfield code="a">Indians of North America</subfield><subfield code="z">Northwest, Pacific</subfield><subfield code="v">Newspapers.</subfield></datafield><datafield ind1=" " ind2="0" tag="651"><subfield code="a">Seattle (Wash.)</subfield><subfield code="v">Newspapers.</subfield></datafield><datafield ind1=" " ind2="0" tag="651"><subfield code="a">King County (Wash.)</subfield><subfield code="v">Newspapers.</subfield></datafield><datafield ind1=" " ind2="7" tag="650"><subfield code="a">Indians of North America.</subfield><subfield code="2">fast</subfield><subfield code="0">(OCoLC)fst00969633</subfield></datafield><datafield ind1=" " ind2="7" tag="651"><subfield code="a">Pacific Northwest.</subfield><subfield code="2">fast</subfield><subfield code="0">(OCoLC)fst01242543</subfield></datafield><datafield ind1=" " ind2="7" tag="651"><subfield code="a">Washington (State)</subfield><subfield code="z">King County.</subfield><subfield code="2">fast</subfield><subfield code="0">(OCoLC)fst01206427</subfield></datafield><datafield ind1=" " ind2="7" tag="651"><subfield code="a">Washington (State)</subfield><subfield code="z">Seattle.</subfield><subfield code="2">fast</subfield><subfield code="0">(OCoLC)fst01204940</subfield></datafield><datafield ind1=" " ind2="7" tag="655"><subfield code="a">Newspapers.</subfield><subfield code="2">fast</subfield><subfield code="0">(OCoLC)fst01423814</subfield></datafield><datafield ind1="2" ind2=" " tag="710"><subfield code="a">Indians into Communications Assoc.</subfield></datafield><datafield ind1="2" ind2=" " tag="710"><subfield code="a">Seattle Indian Center.</subfield></datafield><datafield ind1=" " ind2=" " tag="752"><subfield code="a">United States</subfield><subfield code="b">Washington</subfield><subfield code="c">King</subfield><subfield code="d">Seattle.</subfield></datafield><datafield ind1="1" ind2=" " tag="776"><subfield code="t">Northwest Indian news (Seattle, Wash. : 1971)</subfield><subfield code="w">(DLC)sn 86091389</subfield><subfield code="w">(OCoLC)2868613</subfield></datafield><datafield ind1="0" ind2="0" tag="780"><subfield code="t">Indian center news</subfield></datafield><datafield ind1=" " ind2="0" tag="830"><subfield code="a">Contemporary newspapers of the North American Indian ;</subfield><subfield code="v">reel 15.</subfield></datafield><datafield ind1="2" ind2="0" tag="891"><subfield code="9">853</subfield><subfield code="8">1</subfield><subfield code="a">v.</subfield><subfield code="b">no.</subfield><subfield code="u">12</subfield><subfield code="v">r</subfield><subfield code="i">(year)</subfield><subfield code="j">(month)</subfield><subfield code="w">m</subfield></datafield><datafield ind1="4" ind2="1" tag="891"><subfield code="9">863</subfield><subfield code="8">1.1</subfield><subfield code="a">&lt;7&gt;</subfield><subfield code="b">&lt;10&gt;</subfield><subfield code="i">&lt;1978&gt;</subfield><subfield code="j">&lt;05&gt;</subfield></datafield></record>